@article{jackson2011emitter,
  title={{Emitter geolocation estimation using power difference of arrival}},
  author={Jackson, BR and Wang, S and Inkol, R},
  journal={Defence R\&D Canada Technical Report DRDC Ottawa TR},
  volume={40},
  year={2011}
}

@inproceedings{scerri2008transitioning,
  title={{Transitioning multiagent technology to UAV applications}},
  author={Scerri, Paul and Von Gonten, Tracy and Fudge, Gerald and Owens, Sean and Sycara, Katia},
  booktitle={Proceedings of the 7th international joint conference on Autonomous agents and multiagent systems: industrial track},
  pages={89--96},
  year={2008},
  organization={International Foundation for Autonomous Agents and Multiagent Systems}
}

@inproceedings{scerri2007geolocation,
  title={{Geolocation of RF emitters by many UAVs}},
  author={Scerri, Paul and Glinton, Robin and Owens, Sean and Scerri, David and Sycara, Katia},
  booktitle={AIAA Infotech@ Aerospace 2007 Conference and Exhibit},
  year={2007}
}
@article{madsen1998optimal,
  title={{Optimal landmark selection for triangulation of robot position}},
  author={Madsen, Claus B and Andersen, Claus S},
  journal={Robotics and Autonomous Systems},
  volume={23},
  number={4},
  pages={277--292},
  year={1998},
  publisher={Elsevier}
}
@article{hata1980empirical,
  title={{Empirical formula for propagation loss in land mobile radio services}},
  author={Hata, Masaharu},
  journal={Vehicular Technology, IEEE Transactions on},
  volume={29},
  number={3},
  pages={317--325},
  year={1980},
  publisher={IEEE}
}

@inproceedings{zhou2009efficient,
  title={{An efficient least-squares trilateration algorithm for mobile robot localization}},
  author={Zhou, Yu},
  booktitle={Intelligent Robots and Systems, 2009. IROS 2009. IEEE/RSJ International Conference on},
  pages={3474--3479},
  year={2009},
  organization={IEEE}
}
@article{thomas2005revisiting,
  title={{Revisiting trilateration for robot localization}},
  author={Thomas, Federico and Ros, Llu{\'\i}s},
  journal={Robotics, IEEE Transactions on},
  volume={21},
  number={1},
  pages={93--101},
  year={2005},
  publisher={IEEE}
}

@article{staras1972accuracy,
  title={{The accuracy of vehicle location by trilateration in a dense urban environment}},
  author={Staras, Harold and Honickman, Stephen N},
  journal={Vehicular Technology, IEEE Transactions on},
  volume={21},
  number={1},
  pages={38--43},
  year={1972},
  publisher={IEEE}
}

@article{berle1986mixed,
  title={{Mixed triangulation/trilateration technique for emitter location}},
  author={Berle, FJ},
  journal={Communications, Radar and Signal Processing, IEE Proceedings F},
  volume={133},
  number={7},
  pages={638--641},
  year={1986},
  publisher={IET}
}

@article{goldberg1988genetic,
  title={Genetic algorithms and machine learning},
  author={Goldberg, David E and Holland, John H},
  journal={Machine learning},
  volume={3},
  number={2},
  pages={95--99},
  year={1988},
  publisher={Springer}
}
@book{eiben2003introduction,
  title={Introduction},
  author={Eiben, Agoston E and Smith, James E},
  year={2003},
  publisher={Springer}
}

@inproceedings{eberhart1995new,
  title={A new optimizer using particle swarm theory},
  author={Eberhart, Russell and Kennedy, James},
  booktitle={Micro Machine and Human Science, 1995. MHS'95., Proceedings of the Sixth International Symposium on},
  pages={39--43},
  year={1995},
  organization={IEEE}
}

@inproceedings{shi1998modified,
  title={A modified particle swarm optimizer},
  author={Shi, Yuhui and Eberhart, Russell},
  booktitle={Evolutionary Computation Proceedings, 1998. IEEE World Congress on Computational Intelligence., The 1998 IEEE International Conference on},
  pages={69--73},
  year={1998},
  organization={IEEE}
}

@book{kennedy2001swarm,
  title={Swarm intelligence},
  author={Kennedy, James F and Kennedy, James and Eberhart, Russel C},
  year={2001},
  publisher={Morgan Kaufmann}
}
@article{srinivasan2007survey,
  title={A survey on secure localization in wireless sensor networks},
  author={Srinivasan, Avinash and Wu, Jie},
  journal={Encyclopedia of Wireless and Mobile communications},
  year={2007},
  publisher={CRC Press, Taylor and Francis Group: Florida, USA}
}

@book{saunders2007antennas,
  title={Antennas and propagation for wireless communication systems},
  author={Saunders, Simon and Arag{\'o}n-Zavala, Alejandro},
  year={2007},
  publisher={John Wiley \& Sons}
}

@inproceedings{hornby2006automated,
  title={Automated antenna design with evolutionary algorithms},
  author={Hornby, Gregory S and Globus, Al and Linden, Derek S and Lohn, Jason D},
  year={2006}
}

@article{deb2002fast,
  title={{A fast and elitist multiobjective genetic algorithm: NSGA-II}},
  author={Deb, Kalyanmoy and Pratap, Amrit and Agarwal, Sameer and Meyarivan},
  journal={Evolutionary Computation, IEEE Transactions on},
  volume={6},
  number={2},
  pages={182--197},
  year={2002},
  publisher={IEEE}
}

@article{zhang2007moea,
  title={MOEA/D: A multiobjective evolutionary algorithm based on decomposition},
  author={Zhang, Qingfu and Li, Hui},
  journal={Evolutionary Computation, IEEE Transactions on},
  volume={11},
  number={6},
  pages={712--731},
  year={2007},
  publisher={IEEE}
}

@article{DEAP_JMLR2012, 
     author    = " F\'elix-Antoine Fortin and Fran\c{c}ois-Michel {De Rainville} and Marc-Andr\'e Gardner and Marc Parizeau and Christian Gagn\'e ",
     title     = { {DEAP}: Evolutionary Algorithms Made Easy },
     pages    = { 2171--2175 },
     volume    = { 13 },
     month     = { jul },
     year      = { 2012 },
     journal   = { Journal of Machine Learning Research }
}

@book{mclachlan2004finite,
  title={Finite mixture models},
  author={McLachlan, Geoffrey and Peel, David},
  year={2004},
  publisher={John Wiley \& Sons}
}

@mastersthesis{jorgenmaster,
  author       = {Jørgen Nordmoen}, 
  title        = {Detecting a Hidden Radio Frequency Transmitter in Noise based on Amplitude using Swarm Intelligence},
  school       = {Norwegian University of Science and Technology},
  year         = 2014,
  month        = 6,
}
@article{harris2007optimizing,
  title={{Optimizing parallel reduction in CUDA}},
  author={Harris, Mark},
  journal={http://docs.nvidia.com/cuda/samples/6\_Advanced/reduction/doc/reduction.pdf},
  year={2007}
}

@techreport{ffireport2014,
     title = {{Distribuerte COTS UAS for PDOA WiFi geolokalisering med Android smarttelefoner}},
     author = {{Thomas Thoresen, Jonas Moen, Sondre A. Engebråten, Lars B. Kristiansen, Jørgen H. Nordmoen, Håkon K. Olafsen, Håvard Gullbekk, Øistein T. Hoel-sæter, and Lorns H. Bakstad}},
     year = {2014},
     institution = {Forsvarets forskningsinstitutt},
     note = {FFI-rapport 14/00958}
}

@book{bonabeau1999swarm,
  title={Swarm intelligence: from natural to artificial systems},
  author={Bonabeau, Eric and Dorigo, Marco and Theraulaz, Guy},
  number={1},
  year={1999},
  publisher={Oxford university press}
}

